@article{SpreadMisinformation1,
	author = {Chengcheng Shao and Giovanni Luca Ciampaglia and Onur Varol and Kai-Cheng Yang and Alessandro Flammini and Filippo Menczer},
	month = {11},
	year = {2018},
	title = {The spread of low-credibility content by social bots},
	volume = {9},
	journal = {Nature Communications},
	doi = {https://doi.org/10.1038/s41467-018-06930-7}
}

@inproceedings{SpreadMisinformation2,
	author = {Menczer, Filippo},
	title = {The Spread of Misinformation in Social Media},
	year = {2016},
	isbn = {9781450341448},
	publisher = {International World Wide Web Conferences Steering Committee},
	address = {Republic and Canton of Geneva, CHE},
	url = {https://doi.org/10.1145/2872518.2890092},
	doi = {10.1145/2872518.2890092},
	booktitle = {Proceedings of the 25th International Conference Companion on World Wide Web},
	pages = {717},
	numpages = {1},
	keywords = {diffusion networks, echo chambers, fact checking, misinformation, hoaxes, social bots, social bubbles, twitter, astroturf, social media},
	location = {Montr\'{e}al, Qu\'{e}bec, Canada},
	series = {WWW ’16 Companion}
}

@article{DetectMisinformation1,
	author = {Kumar, K. P. Krishna and Gopalan, Geethakumari},
	month = {09},
	year = {2014},
	title = {Detecting misinformation in online social networks using cognitive psychology},
	volume = {4},
	journal = {Human-centric Computing and Information Sciences},
	doi = {10.1186/s13673-014-0014-x}
}

@INPROCEEDINGS{DetectMisinformation2,
	author={Huiling {Zhang} and Alan {Kuhnle} and Huiyuan {Zhang} and My T. {Thai}},
	booktitle={2016 IEEE/ACM International Conference on Advances in Social Networks Analysis and Mining (ASONAM)},
	title={Detecting misinformation in online social networks before it is too late},
	year={2016},
	volume={},
	number={},
	pages={541-548},
	keywords={approximation theory;social networking (online);stochastic programming;online social networks;misinformation propagation;time constrained misinformation detection problem;TCMD problem;independent misinformation cascades;heterogeneous delays;stochastic programming;approximation algorithm;one-hop detection;network-compression based solution;Monitoring;Delays;Integrated circuit modeling;Social network services;Image edge detection;Stochastic processes;Probabilistic logic;Social Networks;Monitor Placement;Misinformation Detection},
	doi={10.1109/ASONAM.2016.7752288},
	ISSN={null},
	month={Aug},
}

@INPROCEEDINGS{DetectMisinformation3,
	author={Arushi {Gupta} and Rishabh {Kaushal}},
	booktitle={2015 International Conference on Cognitive Computing and Information Processing(CCIP)},
	title={Improving spam detection in Online Social Networks},
	year={2015},
	volume={},
	number={},
	pages={1-6},
	keywords={Bayes methods;decision trees;pattern clustering;social networking (online);unsolicited e-mail;spam detection;online social networks;OSN platform;Twitter social network;naive Bayes;decision trees;clustering algorithm;novel integrated approach;Clustering algorithms;Accuracy;Twitter;Unsolicited electronic mail;Classification algorithms;Decision trees;Spam detection;classification algorithm;Twitter;online social networking},
	doi={10.1109/CCIP.2015.7100738},
	ISSN={null},
	month={March},}

@INPROCEEDINGS{DetectMisinformation4,
	author={D. T. {Nguyen} and N. P. {Nguyen} and M. T. {Thai}},
	booktitle={MILCOM 2012 - 2012 IEEE Military Communications Conference}, 
	title={Sources of misinformation in Online Social Networks: Who to suspect?}, 
	year={2012},
	volume={},
	number={},
	pages={1-6},}


@inbook{PropagandaAnalysis1,
	author = {Samer Al-khateeb and Muhammad Hussain and Nitin Agarwal},
	year = {2019},
	month = {01},
	pages = {19-42},
	title = {Leveraging Social Network Analysis and Cyber Forensics Approaches to Study Cyber Propaganda Campaigns},
	isbn = {978-3-319-78255-3},
	doi = {10.1007/978-3-319-78256-0_2}
}

@misc{PropagandaAnalysis2,
	year = {2017},
	edition = {},
	number = {},
	journal = {},
	pages = {1-15},
	publisher = {The Computational Propaganda Project},
	school = {},
	title = {Computational propaganda worldwide: Executive summary},
	volume = {},
	author = {Woolley, Samuel C. and Howard, Philip N.},
	editor = {},
	series = {}
}

@article{PropagandaAnalysis3,
	author = {Ferrara, Emilio},
	year = {2017},
	month = {07},
	pages = {},
	title = {Contagion dynamics of extremist propaganda in social networks},
	volume = {418},
	journal = {Information Sciences},
	doi = {10.1016/j.ins.2017.07.030}
}

@article{NaiveLearning1,
	author = {Jackson, Matthew and Golub, Benjamin},
	year = {2007},
	month = {07},
	pages = {},
	title = {Naive Learning in Social Networks: Convergence, Influence and Wisdom of Crowds},
	volume = {2},
	journal = {SSRN Electronic Journal},
	doi = {10.2139/ssrn.994312}
}

@article{NaiveLearning2,
	author = {Huang, Jia-Ping and Heidergott, Bernd and Lindner, Ines},
	year = {2019},
	month = {07},
	pages = {1-11},
	title = {Naive learning in social networks with random communication},
	volume = {58},
	journal = {Social Networks},
	doi = {10.1016/j.socnet.2019.01.004}
}

@inproceedings{NaiveLearning3,
	author = {Anunrojwong, Jerry and Sothanaphan, Nat},
	title = {Naive Bayesian Learning in Social Networks},
	year = {2018},
	isbn = {9781450358293},
	publisher = {Association for Computing Machinery},
	address = {New York, NY, USA},
	url = {https://doi.org/10.1145/3219166.3219177},
	doi = {10.1145/3219166.3219177},
	booktitle = {Proceedings of the 2018 ACM Conference on Economics and Computation},
	pages = {619–636},
	numpages = {18},
	keywords = {naive learning, bounded rationality, Bayesian inference, social networks},
	location = {Ithaca, NY, USA},
	series = {EC ’18}
}

@article{viral_marketing1,
	author = {Bampo, Mauro and Ewing, Michael and Mather, Dineli and Stewart, David and Wallace, Mark},
	year = {2008},
	month = {09},
	pages = {273-290},
	title = {The Effects of the Social Structure of Digital Networks on Viral Marketing Performance},
	volume = {19},
	journal = {Information Systems Research},
	doi = {10.1287/isre.1070.0152}
}

@article{viral_marketing_2,
	title = "Discovering the influential users oriented to viral marketing based on online social networks",
	journal = "Physica A: Statistical Mechanics and its Applications",
	volume = "392",
	number = "16",
	pages = "3459 - 3469",
	year = "2013",
	issn = "0378-4371",
	doi = "https://doi.org/10.1016/j.physa.2013.03.035",
	author = "Zhiguo Zhu"
}

@article{viral_marketing_3,
	title = "A multi-stage model of word-of-mouth influence through viral marketing",
	journal = "International Journal of Research in Marketing",
	volume = "25",
	number = "3",
	pages = "151 - 163",
	year = "2008",
	issn = "0167-8116",
	doi = "https://doi.org/10.1016/j.ijresmar.2008.03.004",
	url = "http://www.sciencedirect.com/science/article/pii/S0167811608000414",
	author = "Arnaud De Bruyn and Gary L. Lilien"
}

@article{random_graphs,
	ISSN = {00034851},
	URL = {http://www.jstor.org/stable/2237458},
	author = {E. N. Gilbert},
	journal = {The Annals of Mathematical Statistics},
	number = {4},
	pages = {1141--1144},
	publisher = {Institute of Mathematical Statistics},
	title = {Random Graphs},
	volume = {30},
	year = {1959}
}

@article{large_action_1,
	author    = {Gabriel Dulac{-}Arnold and
	Daniel J. Mankowitz and
	Todd Hester},
	title     = {Challenges of Real-World Reinforcement Learning},
	journal   = {CoRR},
	volume    = {abs/1904.12901},
	year      = {2019},
	url       = {http://arxiv.org/abs/1904.12901},
	archivePrefix = {arXiv},
	eprint    = {1904.12901},
	timestamp = {Tue, 25 Jun 2019 11:11:15 +0200},
	biburl    = {https://dblp.org/rec/journals/corr/abs-1904-12901.bib},
	bibsource = {dblp computer science bibliography, https://dblp.org}
}

@article{large_action_2,
	author    = {Gabriel Dulac{-}Arnold and
	Richard Evans and
	Peter Sunehag and
	Ben Coppin},
	title     = {Reinforcement Learning in Large Discrete Action Spaces},
	journal   = {CoRR},
	volume    = {abs/1512.07679},
	year      = {2015},
	url       = {http://arxiv.org/abs/1512.07679},
	archivePrefix = {arXiv},
	eprint    = {1512.07679},
	timestamp = {Mon, 27 Jan 2020 16:21:19 +0100},
	biburl    = {https://dblp.org/rec/journals/corr/Dulac-ArnoldESC15.bib},
	bibsource = {dblp computer science bibliography, https://dblp.org}
}

@misc{gym,
	Author = {Greg Brockman and Vicki Cheung and Ludwig Pettersson and Jonas Schneider and John Schulman and Jie Tang and Wojciech Zaremba},
	Title = {OpenAI Gym},
	Year = {2016},
	Eprint = {arXiv:1606.01540},
}

@article{A3C_1,
	author    = {Volodymyr Mnih and
	Adri{\`{a}} Puigdom{\`{e}}nech Badia and
	Mehdi Mirza and
	Alex Graves and
	Timothy P. Lillicrap and
	Tim Harley and
	David Silver and
	Koray Kavukcuoglu},
	title     = {Asynchronous Methods for Deep Reinforcement Learning},
	journal   = {CoRR},
	volume    = {abs/1602.01783},
	year      = {2016},
	url       = {http://arxiv.org/abs/1602.01783},
	archivePrefix = {arXiv},
	eprint    = {1602.01783},
	timestamp = {Mon, 13 Aug 2018 16:47:40 +0200},
	biburl    = {https://dblp.org/rec/journals/corr/MnihBMGLHSK16.bib},
	bibsource = {dblp computer science bibliography, https://dblp.org}
}

@article{A3C_2,
	author    = {Mohammad Babaeizadeh and
	Iuri Frosio and
	Stephen Tyree and
	Jason Clemons and
	Jan Kautz},
	title     = {{GA3C:} GPU-based {A3C} for Deep Reinforcement Learning},
	journal   = {CoRR},
	volume    = {abs/1611.06256},
	year      = {2016},
	url       = {http://arxiv.org/abs/1611.06256},
	archivePrefix = {arXiv},
	eprint    = {1611.06256},
	timestamp = {Mon, 13 Aug 2018 16:48:01 +0200},
	biburl    = {https://dblp.org/rec/journals/corr/BabaeizadehFTCK16.bib},
	bibsource = {dblp computer science bibliography, https://dblp.org}
}

@article{A2C_1,
	author    = {Jane X. Wang and
	Zeb Kurth{-}Nelson and
	Dhruva Tirumala and
	Hubert Soyer and
	Joel Z. Leibo and
	R{\'{e}}mi Munos and
	Charles Blundell and
	Dharshan Kumaran and
	Matthew Botvinick},
	title     = {Learning to reinforcement learn},
	journal   = {CoRR},
	volume    = {abs/1611.05763},
	year      = {2016},
	url       = {http://arxiv.org/abs/1611.05763},
	archivePrefix = {arXiv},
	eprint    = {1611.05763},
	timestamp = {Mon, 13 Aug 2018 16:47:12 +0200},
	biburl    = {https://dblp.org/rec/journals/corr/WangKTSLMBKB16.bib},
	bibsource = {dblp computer science bibliography, https://dblp.org}
}

@article{A2C_2,
	author = {Grondman, Ivo and Busoniu, Lucian and Lopes, Gabriel and Babuska, Robert},
	year = {2012},
	month = {11},
	pages = {1291-1307},
	title = {A Survey of Actor-Critic Reinforcement Learning: Standard and Natural Policy Gradients},
	volume = {42},
	journal = {IEEE Transactions on Systems Man and Cybernetics Part B-Cybernetics},
	doi = {10.1109/TSMCC.2012.2218595}
}

@misc{A2C_3,
	author = {Yuhuai Wu and Elman Mansimov and Shun Liao and Alec Radford and John Schulman},
	title = {OpenAI Baselines: ACKTR and A2C},
	howpublished = {\url{https://openai.com/blog/baselines-acktr-a2c/}},
	note = {Accessed: 2020-11-08}
}

@article{pol_grad1,
	author    = {Peter L. Bartlett and
	Jonathan Baxter},
	title     = {Infinite-Horizon Policy-Gradient Estimation},
	journal   = {CoRR},
	volume    = {abs/1106.0665},
	year      = {2011},
	url       = {http://arxiv.org/abs/1106.0665},
	archivePrefix = {arXiv},
	eprint    = {1106.0665},
	timestamp = {Mon, 13 Aug 2018 16:48:10 +0200},
	biburl    = {https://dblp.org/rec/journals/corr/abs-1106-0665.bib},
	bibsource = {dblp computer science bibliography, https://dblp.org}
}

@article{pol_grad2,
	author    = {Philip S. Thomas and
	Emma Brunskill},
	title     = {Policy Gradient Methods for Reinforcement Learning with Function Approximation
	and Action-Dependent Baselines},
	journal   = {CoRR},
	volume    = {abs/1706.06643},
	year      = {2017},
	url       = {http://arxiv.org/abs/1706.06643},
	archivePrefix = {arXiv},
	eprint    = {1706.06643},
	timestamp = {Mon, 13 Aug 2018 16:48:36 +0200},
	biburl    = {https://dblp.org/rec/journals/corr/ThomasB17.bib},
	bibsource = {dblp computer science bibliography, https://dblp.org}
}

@article{entropy_1,
	author = {Williams, Ronald and Peng, Jing},
	year = {1991},
	month = {09},
	pages = {241-},
	title = {Function Optimization Using Connectionist Reinforcement Learning Algorithms},
	volume = {3},
	journal = {Connection Science}
}

@article{gnn_1,
	author    = {Keyulu Xu and
	Weihua Hu and
	Jure Leskovec and
	Stefanie Jegelka},
	title     = {How Powerful are Graph Neural Networks?},
	journal   = {CoRR},
	volume    = {abs/1810.00826},
	year      = {2018}
}

@article{gnn_2,
	author    = {Jie Zhou and
	Ganqu Cui and
	Zhengyan Zhang and
	Cheng Yang and
	Zhiyuan Liu and
	Maosong Sun},
	title     = {Graph Neural Networks: {A} Review of Methods and Applications},
	journal   = {CoRR},
	volume    = {abs/1812.08434},
	year      = {2018}
}

@ARTICLE{gnn_3,
	author={Z. {Wu} and S. {Pan} and F. {Chen} and G. {Long} and C. {Zhang} and P. S. {Yu}},
	journal={IEEE Transactions on Neural Networks and Learning Systems}, 
	title={A Comprehensive Survey on Graph Neural Networks}, 
	year={2020},
	volume={},
	number={},
	pages={1-21}
}

@article{rl_gnn1,
	title={Learning Combinatorial Optimization on Graphs: A Survey With Applications to Networking},
	author={Natalia Vassileva Vesselinova and Rebecca Steinert and Daniel F. Perez-Ramirez and Magnus Boman},
	journal={IEEE Access},
	year={2020},
	volume={8},
	pages={120388-120416}
}

@unknown{rl_gnn2,
	author = {Almasan, Paul and Suarez-Varela, Jose and Badia-Sampera, Arnau and Rusek, Krzysztof and Barlet-Ros, Pere and Cabello, Albert},
	year = {2019},
	month = {10},
	pages = {},
	title = {Deep Reinforcement Learning meets Graph Neural Networks: An optical network routing use case}
}

@misc{stable-baselines,
	author = {Hill, Ashley and Raffin, Antonin and Ernestus, Maximilian and Gleave, Adam and Kanervisto, Anssi and Traore, Rene and Dhariwal, Prafulla and Hesse, Christopher and Klimov, Oleg and Nichol, Alex and Plappert, Matthias and Radford, Alec and Schulman, John and Sidor, Szymon and Wu, Yuhuai},
	title = {Stable Baselines},
	year = {2018},
	publisher = {GitHub},
	journal = {GitHub repository},
	howpublished = {\url{https://github.com/hill-a/stable-baselines}},
}

@misc{RMSprop,
	title={{Lecture 6.5---RmsProp: Divide the gradient by a running average of its recent magnitude}},
	author={Tieleman, T. and Hinton, G.},
	howpublished={COURSERA: Neural Networks for Machine Learning},
	year={2012}
}

@misc{rlblogpost,
	title={Deep Reinforcement Learning Doesn't Work Yet},
	author={Irpan, Alex},
	howpublished={\url{https://www.alexirpan.com/2018/02/14/rl-hard.html}},
	year={2018}
}
